@article{source1,
  title={Example Title},
  author={Author Name},
  journal={Journal},
  year={2023},
}

@online{OpenTK,
  title   = {OpenTK - OpenTK},
  url     = {https://opentk.net/},
}
